<?xml version="1.0" encoding="UTF-8"?><collection><record><leader>05008ntm a2200553 a 4500</leader><controlfield tag="001">006781936</controlfield><controlfield tag="003">MiAaHDL</controlfield><controlfield tag="005">20190719000000.0</controlfield><controlfield tag="006">m        d        </controlfield><controlfield tag="007">cr bn ---auaua</controlfield><controlfield tag="008">090518m13uu14uuxx            00| ||ara d</controlfield><datafield tag="035" ind1=" " ind2=" "><subfield code="a">(MiU)006781936</subfield></datafield><datafield tag="035" ind1=" " ind2=" "><subfield code="a">sdr-miu006781936</subfield></datafield><datafield tag="040" ind1=" " ind2=" "><subfield code="a">MiU</subfield><subfield code="c">MiU</subfield><subfield code="e">amremm</subfield></datafield><datafield tag="043" ind1=" " ind2=" "><subfield code="a">n-us-mi</subfield></datafield><datafield tag="100" ind1="1" ind2=" "><subfield code="6">880-01</subfield><subfield code="a">Ibn Qudāmah al-Maqdisī, Aḥmad ibn ʻAbd al-Raḥmān,</subfield><subfield code="d">1253-1290.</subfield></datafield><datafield tag="245" ind1="1" ind2="0"><subfield code="6">880-03</subfield><subfield code="a">Mukhtaṣar Minhāj al-qāṣidīn,</subfield><subfield code="f">[14th or 15th century].</subfield></datafield><datafield tag="260" ind1=" " ind2=" "><subfield code="c">[13-- or 14--].</subfield></datafield><datafield tag="300" ind1=" " ind2=" "><subfield code="a">156 leaves :</subfield><subfield code="b">paper ;</subfield><subfield code="c">185 x 135 (170 x 120) mm.</subfield></datafield><datafield tag="500" ind1=" " ind2=" "><subfield code="a">Shelfmark: Ann Arbor, University of Michigan, Special Collections Library, Isl. Ms. 514</subfield></datafield><datafield tag="500" ind1=" " ind2=" "><subfield code="a">Origin: Lacks dated colophon ; paper and hand suggest 14th or 15th century.</subfield></datafield><datafield tag="500" ind1=" " ind2=" "><subfield code="a">Accompanying materials: a. Inventory cataloguing slip in hand of Winifred Smeaton Thomas. -- b. Acquisitions slip from Yahuda (paginated pp.1-4).</subfield></datafield><datafield tag="500" ind1=" " ind2=" "><subfield code="a">Former shelfmark: From spine label and inscription on interior of upper cover, "IL 326" (likely supplied by Yahuda, see acquisitions slip).</subfield></datafield><datafield tag="500" ind1=" " ind2=" "><subfield code="a">Binding: Pasteboards covered in combed marbled paper (salmon, orange, blue, etc.) with brown leather over spine and edges/turn-ins ; Type II binding (once with flap, though now lost) ; board linings in laid European paper ; sewn in olive thread, two stations ; in poor condition with upper cover completely detached at spine, spine leather and lower cover completely detached from textblock, flap lost, some abrasion, delamination of boards, etc. ; housed in box for protection.</subfield></datafield><datafield tag="500" ind1=" " ind2=" "><subfield code="a">Support: non-European (Arab) laid paper with 7 laid lines per cm. (vertical) and chain lines grouped in threes with chains spaced roughly 12 mm. apart and 42 mm. between groups.</subfield></datafield><datafield tag="500" ind1=" " ind2=" "><subfield code="a">Decoration: Keywords introducing sections are set apart via elongation of horizontal strokes ; occasional overlining and accents (for section headings) in brick-red ink ; textual dividers (paragraph marks) in the form of circle or isolated hāʼ with dot at center.</subfield></datafield><datafield tag="500" ind1=" " ind2=" "><subfield code="a">Script: Naskh ; clear Syrian hand ; serifless, inconsistently pointed (though in distinct dots), and with a very slight tilt to the left ; occasional vocalization.</subfield></datafield><datafield tag="500" ind1=" " ind2=" "><subfield code="a">Layout: Written in 22-26 lines per page.</subfield></datafield><datafield tag="500" ind1=" " ind2=" "><subfield code="a">Collation: V-2 (8), 8 V(88), V-1 (97), 5 V(147), V-1 (156) ; chiefly quinions ; at least two leaves are mossing from the opening quire, possibly more ; quire numbering in the form of full words, most often lost to trimming ; catchwords present at the end of each quire ; pagination in pencil, Western numerals, supplied during digitization (includes inserts).</subfield></datafield><datafield tag="500" ind1=" " ind2=" "><subfield code="a">Explicit: "قيل كان ابو الدردا رضي الله عنه يقعد الى القبور فقيل له في ذلك فقال اجلس الى قوم تذكروني معادي وان قمت لم يغتابوني ميمون بن مهران خرجت مع عمر بن عبد العزيز الى المقبرة فلما نظر"</subfield></datafield><datafield tag="500" ind1=" " ind2=" "><subfield code="a">Incipit: " قراه او سمعه او نظر فيه وان يجعله خالصا لوجهه وان يختم لنا بخير ويوفقنا لما يرضيه من القول والعمل والنية وان يسامحنا في تقصيرنا وتفريطنا ولا يكلنا الى انفسنا طرفة عين ولا الى اجد من خلفه فانه حسبنا ونعم الوكيل"</subfield></datafield><datafield tag="500" ind1=" " ind2=" "><subfield code="a">Title supplied by cataloguer.</subfield></datafield><datafield tag="500" ind1=" " ind2=" "><subfield code="a">Ms. codex.</subfield></datafield><datafield tag="510" ind1="4" ind2=" "><subfield code="a">Hājjī Khalīfah. Kashf al-ẓunūn,</subfield><subfield code="c">i 180-3, no.171</subfield></datafield><datafield tag="510" ind1="4" ind2=" "><subfield code="a">Brockelmann, C. GAL,</subfield><subfield code="c">I, 422, no.25</subfield></datafield><datafield tag="520" ind1="8" ind2=" "><subfield code="a">Clear though incomplete copy of Ibn Qudāmah al-Maqdisī's abridgment of Ibn al-Jawzī's Minhāj al-qāṣidīn, itself based on al-Ghazzālī's Iḥyāʼ ʻulūm al-dīn ; acephalous and ending abruptly with end wanting. Description provided by Maxim Romanov.</subfield></datafield><datafield tag="538" ind1=" " ind2=" "><subfield code="a">Mode of access: Internet.</subfield></datafield><datafield tag="541" ind1=" " ind2=" "><subfield code="a">Acquired in 1926 from the bookseller Isaac Benjamin S.E. Yahuda via purchase transacted on his behalf by Abraham Shalom Yahuda (1877-1951), his younger brother.</subfield></datafield><datafield tag="546" ind1=" " ind2=" "><subfield code="a">Arabic.</subfield></datafield><datafield tag="561" ind1=" " ind2=" "><subfield code="a">Kabīkaj invocation at head of opening leaf recto (p.5) ; a few glosses and marginal corrections.</subfield></datafield><datafield tag="600" ind1="1" ind2="0"><subfield code="a">Ibn al-Jawzī, Abū al-Faraj ʻAbd al-Raḥmān ibn ʻAlī,</subfield><subfield code="d">1116 (ca.)-1201.</subfield><subfield code="t">Minhāj al-qāṣidīn</subfield></datafield><datafield tag="650" ind1=" " ind2="0"><subfield code="a">Manuscripts, Arabic</subfield><subfield code="z">Michigan</subfield><subfield code="z">Ann Arbor.</subfield></datafield><datafield tag="650" ind1=" " ind2="0"><subfield code="a">Islam</subfield><subfield code="x">Doctrines</subfield><subfield code="v">Early works to 1800.</subfield></datafield><datafield tag="650" ind1=" " ind2="0"><subfield code="a">Islamic ethics</subfield><subfield code="v">Early works to 1800.</subfield></datafield><datafield tag="700" ind1="0" ind2=" "><subfield code="6">880-05</subfield><subfield code="a">Ghazzālī,</subfield><subfield code="d">1058-1111.</subfield><subfield code="t">Iḥyāʼ ʻulūm al-dīn.</subfield></datafield><datafield tag="773" ind1="0" ind2=" "><subfield code="a">Yahuda Collection.</subfield></datafield><datafield tag="880" ind1="0" ind2=" "><subfield code="6">700-05/</subfield><subfield code="a">غزالي،</subfield><subfield code="d">1058-1111.</subfield><subfield code="t">احياء علوم الدين.</subfield></datafield><datafield tag="880" ind1="1" ind2="0"><subfield code="6">245-03/</subfield><subfield code="a">مختصر منهاج القاصدين،</subfield><subfield code="f">[القرن 14م أو 15م].</subfield></datafield><datafield tag="880" ind1="1" ind2=" "><subfield code="6">100-01/</subfield><subfield code="a">ابن قدامة المقدسي، احمد بن عبد الرحمن.</subfield></datafield><datafield tag="CID" ind1=" " ind2=" "><subfield code="a">006781936</subfield></datafield><datafield tag="DAT" ind1="0" ind2=" "><subfield code="a">20190719102635.0</subfield><subfield code="b">20190719000000.0</subfield></datafield><datafield tag="DAT" ind1="1" ind2=" "><subfield code="a">20190719090653.0</subfield><subfield code="b">2019-07-19T16:11:25Z</subfield></datafield><datafield tag="DAT" ind1="2" ind2=" "><subfield code="a">2015-10-02T18:00:03Z</subfield></datafield><datafield tag="CAT" ind1=" " ind2=" "><subfield code="a">SDR-MIU</subfield><subfield code="d">EX LIBRIS - ALEPH</subfield><subfield code="l">prepare.pl-004-008</subfield></datafield><datafield tag="FMT" ind1=" " ind2=" "><subfield code="a">BK</subfield></datafield><datafield tag="HOL" ind1=" " ind2=" "><subfield code="0">sdr-miu006781936</subfield><subfield code="a">MiU</subfield><subfield code="b">SDR</subfield><subfield code="c">MIU</subfield><subfield code="p">mdp.39015079125715</subfield><subfield code="s">MIU</subfield><subfield code="1">006781936</subfield></datafield><datafield tag="974" ind1=" " ind2=" "><subfield code="b">MIU</subfield><subfield code="c">MIU</subfield><subfield code="d">20190719</subfield><subfield code="s">lit-dlps-dc</subfield><subfield code="u">mdp.39015079125715</subfield><subfield code="y">1499</subfield><subfield code="r">pd</subfield><subfield code="q">bib</subfield><subfield code="t">non-US bib date2, date type m &lt; 1879</subfield></datafield></record></collection>